@book{Pattern_recognition_machine_learning,
author = {Bishop, Christopher M.},
title = {Pattern Recognition and Machine Learning (Information Science and Statistics)},
year = {2006},
isbn = {0387310738},
publisher = {Springer-Verlag},
address = {Berlin, Heidelberg},
eprint={https://www.microsoft.com/en-us/research/wp-content/uploads/2006/01/Bishop-Pattern-Recognition-and-Machine-Learning-2006.pdf}
}

@book{pml1Book,
 author = "Kevin P. Murphy",
 title = "Probabilistic Machine Learning: An introduction",
 publisher = "MIT Press",
 year = 2022,
 url = "http://probml.github.io/book1"
}

@book{ML_aPP,
author = {Murphy, Kevin P.},
title = {Machine Learning: A Probabilistic Perspective},
year = {2012},
isbn = {0262018020},
publisher = {The MIT Press},
url = {https://doc.lagout.org/science/Artificial%20Intelligence/Machine%20learning/Machine%20Learning_%20A%20Probabilistic%20Perspective%20%5BMurphy%202012-08-24%5D.pdf}
}

@book{prince2023understanding,
        author = "Simon J.D. Prince",
        title = "Understanding Deep Learning",
        publisher = "The MIT Press",
        year = 2023,
        url = "http://udlbook.com"
}

@book{Goodfellow-et-al-2016,
    title={Deep Learning},
    author={Ian Goodfellow and Yoshua Bengio and Aaron Courville},
    publisher={MIT Press},
    note={\url{http://www.deeplearningbook.org}},
    year={2016}
}